@misc{data:gss,
  title={General Social Survey, 2018},
  journal={National Opinion Research Center}
}