@misc{data:prop19_and_offshoreDrill,
  title={Election Poll \#16804},
  journal={Survey USA, data collected July 8-11, 2010.}
}

