@book{Malkevitc+Lesser:2008,
  title={{For All Practical Purposes: Mathematical Literacy in Today's World}},
  author={Malkevitch, J. and Lesser, L.M.},
  year={2008},
  publisher={WH Freeman \& Co}
}
