@misc{globalWarming,
  title={Majority of Republicans No Longer See Evidence of Global Warming},
  journal={Pew Research Center, data collected on October 27, 2010}
}

@article{Laeng:2007,
  title={\oiRedirect{textbook-eye_color_pref_2010}{Why do blue-eyed men prefer women with the same eye color?}},
  author={Laeng, B. and Mathisen, R. and Johnsen, J.A.},
  journal={Behavioral Ecology and Sociobiology},
  volume={61},
  number={3},
  pages={371--384},
  year={2007},
  publisher={Springer}
}
