@misc{data:pewtwitternews:2013,
  title={Twitter News Consumers: Young, Mobile and Educated},
  journal = {Pew Research Center, Washington, D.C., November 4, 2013.}
}
