@misc{webpage:noaa_1948_2018, 
  title={Climate Data Online: Dataset Discovery}, 
  url={https://www.ncdc.noaa.gov/cdo-web/datasets}, 
  journal={Datasets | Climate Data Online (CDO) | National Climatic Data Center (NCDC), April 24, 2019.}, 
  author={National Centers for Environmental Information (NCEI)}
} 