@misc{data:urbanOwner,
  title={2010 Census Urban and Rural Classification and Urban Area Criteria},
  journal={United States Census Bureau, Housing Characteristics: 2010}
}