@misc{data:epaMPG,
  title={Fuel Economy Data, 2012 Datafile},
  journal={U.S. Department of Energy}
}

@article{Oldham:2011,
  title={\oiRedirect{textbook-playing_computer_games_2011}{Playing a computer game during lunch affects fullness, memory for lunch, and later snack intake}},
  author={Oldham-Cooper, R.E. and Hardman, C.A. and Nicoll, C.E. and Rogers, P.J. and Brunstrom, J.M.},
  journal={The American Journal of Clinical Nutrition},
  volume={93},
  number={2},
  pages={308},
  year={2011},
  publisher={Am Soc Nutrition}
}