@misc{data:KFF2019_nat_health_plan,
  title={The Public On Next Steps For The ACA And Proposals To Expand Coverage},
  journal={Kaiser Family Foundation, data collected between Jan 9-14, 2019.}
}

@misc{data:collegeWorthIt,
  title={Is College Worth It?},
  journal={Pew Research Center Publications, data collected between March 15-29, 2011.}
}