@misc{data:sleepCAandOR,
  title={Perceived Insufficient Rest or Sleep Among Adults},
  journal={CDC, United States, 2008}}
}

@misc{data:sleepTransport,
  title={2012 Sleep in America Poll: Transportation Workers' Sleep},
  note={National Sleep Foundation, 2012}
}

@article{Lockman:2007,
  title={\oiRedirect{textbook-antiretroviral_therapy_2007}{Response to antiretroviral therapy after a single, peripartum dose of nevirapine}},
  author={Lockman, S. and Shapiro, R.L. and Smeaton, L.M. and Wester, C. and Thior, I. and Stevens, L. and Chand, F. and Makhema, J. and Moffat, C. and Asmelash, A. and others},
  journal={Obstetrical \& gynecological survey},
  volume={62},
  number={6},
  pages={361},
  year={2007}
}
