@misc{survey:immigFL:2012,
  title = {SurveyUSA, News Poll \#18927},
  publisher = {data collected Jan 27-29, 2012}
}

@misc{survey:raiseTaxes:2015,
  title = {Public Policy Polling},
  journal = {Americans on College Degrees, Classic Literature, the Seasons, and More},
  publisher = {data collected Feb 20-22, 2015}
}
