@misc{poorLang,
  title = {Characteristics of People by Language Spoken at Home},
  journal = {U.S. Census Bureau},
  publisher = {2010 American Community Survey 1-Year Estimates}
}