@article{Heinz:2003,
  title={\oiRedirect{textbook-body_dim_2003}{Exploring relationships in body dimensions}},
  author={Heinz, G. and Peterson, L.J. and Johnson, R.W. and Kerk, C.J.},
  journal={Journal of Statistics Education},
  volume={11},
  number={2},
  year={2003}
}