@misc{data:babies,
  title={Baby weights data set}, 
  journal={Child Health and Development Studies}
}
